  @inproceedings{ml_overview,
  doi = {10.1109/iccubea.2018.8697857},
  url = {https://doi.org/10.1109/iccubea.2018.8697857},
  year = {2018},
  month = aug,
  publisher = {{IEEE}},
  author = {Pramila P. Shinde and Seema Shah},
  title = {A Review of Machine Learning and Deep Learning Applications},
  booktitle = {2018 Fourth International Conference on Computing Communication Control and Automation ({ICCUBEA})}
}

@article{ml_general,
  doi = {10.1007/s11831-020-09478-2},
  url = {https://doi.org/10.1007/s11831-020-09478-2},
  year = {2020},
  month = sep,
  publisher = {Springer Science and Business Media {LLC}},
  volume = {28},
  number = {4},
  pages = {2861--2879},
  author = {R. Geetha and T. Thilagam},
  title = {A Review on the Effectiveness of Machine Learning and Deep Learning Algorithms for Cyber Security},
  journal = {Archives of Computational Methods in Engineering}

  @article{general2, title={Artificial Intelligence and Game Theory Models for Defending Critical Networks with Cyber Deception}, volume={40}, url={https://ojs.aaai.org/aimagazine/index.php/aimagazine/article/view/2849}, DOI={10.1609/aimag.v40i1.2849}, journal={AI Magazine}, author={Fugate, Sunny and Ferguson-Walter, Kimberly}, year={2019}, month={Mar.}, pages={49-62} }
}

@INPROCEEDINGS{nids1,
  author={Sommer, Robin and Paxson, Vern},
  booktitle={2010 IEEE Symposium on Security and Privacy}, 
  title={Outside the Closed World: On Using Machine Learning for Network Intrusion Detection}, 
  year={2010},
  volume={},
  number={},
  pages={305-316},
  doi={10.1109/SP.2010.25}}

  @article{nids2,
  doi = {10.1002/ett.4150},
  url = {https://doi.org/10.1002/ett.4150},
  year = {2020},
  month = oct,
  publisher = {Wiley},
  volume = {32},
  number = {1},
  author = {Zeeshan Ahmad and Adnan Shahid Khan and Cheah Wai Shiang and Johari Abdullah and Farhan Ahmad},
  title = {Network intrusion detection system: A systematic study of machine learning and deep learning approaches},
  journal = {Transactions on Emerging Telecommunications Technologies}
}

@ARTICLE{malware1,
  author={Aslan, Ã–mer and Yilmaz, Abdullah Asim},
  journal={IEEE Access}, 
  title={A New Malware Classification Framework Based on Deep Learning Algorithms}, 
  year={2021},
  volume={9},
  number={},
  pages={87936-87951},
  doi={10.1109/ACCESS.2021.3089586}}

  @inproceedings{malware2,
  doi = {10.5220/0010264902950301},
  url = {https://doi.org/10.5220/0010264902950301},
  year = {2021},
  publisher = {{SCITEPRESS} - Science and Technology Publications},
  author = {Mark Sokolov and Nic Herndon},
  title = {Predicting Malware Attacks using Machine Learning and {AutoAI}},
  booktitle = {Proceedings of the 10th International Conference on Pattern Recognition Applications and Methods}
}

@ARTICLE{malware3,
author = {Yeboah-Ofori, Abel},
journal = {International Journal of Security},
title = {Classification of Malware Attacks Using Machine Learning In Decision Tree},
year = {2020},
volume={11}
}

@misc{poisoning1,
  doi = {10.48550/ARXIV.2202.10276},
  url = {https://arxiv.org/abs/2202.10276},
  author = {Ramirez, Miguel A. and Kim, Song-Kyoo and Hamadi, Hussam Al and Damiani, Ernesto and Byon, Young-Ji and Kim, Tae-Yeon and Cho, Chung-Suk and Yeun, Chan Yeob},
  keywords = {Cryptography and Security (cs.CR), Artificial Intelligence (cs.AI), FOS: Computer and information sciences, FOS: Computer and information sciences},
  title = {Poisoning Attacks and Defenses on Artificial Intelligence: A Survey},
  publisher = {arXiv},
  year = {2022}, 
  copyright = {Creative Commons Attribution 4.0 International}
}

@ARTICLE{nids3,
  author={Park, Cheolhee and Lee, Jonghoon and Kim, Youngsoo and Park, Jong-Geun and Kim, Hyunjin and Hong, Dowon},
  journal={IEEE Internet of Things Journal}, 
  title={An Enhanced AI-Based Network Intrusion Detection System Using Generative Adversarial Networks}, 
  year={2023},
  volume={10},
  number={3},
  pages={2330-2345},
  doi={10.1109/JIOT.2022.3211346}}

  %Ember dataset
  @ARTICLE{2018arXiv180404637A,
  author = {{Anderson}, H.~S. and {Roth}, P.},
  title = "{EMBER: An Open Dataset for Training Static PE Malware Machine Learning Models}",
  journal = {ArXiv e-prints},
  archivePrefix = "arXiv",
  eprint = {1804.04637},
  primaryClass = "cs.CR",
  keywords = {Computer Science - Cryptography and Security},
   year = 2018,
  month = apr,
  adsurl = {http://adsabs.harvard.edu/abs/2018arXiv180404637A},
}

%https://github.com/elastic/ember/blob/master/resources/ember-notebook.ipynb